@article{leone2023bayesian,
  title={Bayesian Formulations for Graph Spectral Denoising},
  author={Leone, Sam and Sun, Xingzhi and Perlmutter, Michael and Krishnaswamy, Smita},
  journal={arXiv preprint arXiv:2311.16378},
  year={2023}
}
@inproceedings{fasina2023neural,
  title={Neural FIM for learning Fisher information metrics from point cloud data},
  author={Fasina, Oluwadamilola and Huguet, Guillaume and Tong, Alexander and Zhang, Yanlei and Wolf, Guy and Nickel, Maximilian and Adelstein, Ian and Krishnaswamy, Smita},
  booktitle={International Conference on Machine Learning},
  pages={9814--9826},
  year={2023},
  organization={PMLR}
}
@article{moon2019visualizing,
  title={Visualizing structure and transitions in high-dimensional biological data},
  author={Moon, Kevin R and Van Dijk, David and Wang, Zheng and Gigante, Scott and Burkhardt, Daniel B and Chen, William S and Yim, Kristina and Elzen, Antonia van den and Hirn, Matthew J and Coifman, Ronald R and others},
  journal={Nature biotechnology},
  volume={37},
  number={12},
  pages={1482--1492},
  year={2019},
  publisher={Nature Publishing Group US New York}
}
@article{van2018recovering,
  title={Recovering gene interactions from single-cell data using data diffusion},
  author={Van Dijk, David and Sharma, Roshan and Nainys, Juozas and Yim, Kristina and Kathail, Pooja and Carr, Ambrose J and Burdziak, Cassandra and Moon, Kevin R and Chaffer, Christine L and Pattabiraman, Diwakar and others},
  journal={Cell},
  volume={174},
  number={3},
  pages={716--729},
  year={2018},
  publisher={Elsevier}
}
@article{coifman2006diffusion,
  title={Diffusion maps},
  author={Coifman, Ronald R and Lafon, St{\'e}phane},
  journal={Applied and computational harmonic analysis},
  volume={21},
  number={1},
  pages={5--30},
  year={2006},
  publisher={Elsevier}
}
@article{ho2020denoising,
  title={Denoising diffusion probabilistic models},
  author={Ho, Jonathan and Jain, Ajay and Abbeel, Pieter},
  journal={Advances in neural information processing systems},
  volume={33},
  pages={6840--6851},
  year={2020}
}
@article{dhariwal2021diffusion,
  title={Diffusion models beat gans on image synthesis},
  author={Dhariwal, Prafulla and Nichol, Alexander},
  journal={Advances in neural information processing systems},
  volume={34},
  pages={8780--8794},
  year={2021}
}
@inproceedings{rombach2022high,
  title={High-resolution image synthesis with latent diffusion models},
  author={Rombach, Robin and Blattmann, Andreas and Lorenz, Dominik and Esser, Patrick and Ommer, Bj{\"o}rn},
  booktitle={Proceedings of the IEEE/CVF conference on computer vision and pattern recognition},
  pages={10684--10695},
  year={2022}
}
@article{zappia2017splatter,
  title={Splatter: simulation of single-cell RNA sequencing data},
  author={Zappia, Luke and Phipson, Belinda and Oshlack, Alicia},
  journal={Genome biology},
  volume={18},
  number={1},
  pages={174},
  year={2017},
  publisher={Springer}
}
@article{gabitto2023integrated,
  title={Integrated multimodal cell atlas of Alzheimerâ€™s disease},
  author={Gabitto, Mariano I and Travaglini, Kyle J and Rachleff, Victoria M and Kaplan, Eitan S and Long, Brian and Ariza, Jeanelle and Ding, Yi and Mahoney, Joseph T and Dee, Nick and Goldy, Jeff and others},
  journal={Research Square},
  publisher={American Journal Experts}
}
@inproceedings{arjovsky2017wasserstein,
  title={Wasserstein generative adversarial networks},
  author={Arjovsky, Martin and Chintala, Soumith and Bottou, L{\'e}on},
  booktitle={International conference on machine learning},
  pages={214--223},
  year={2017},
  organization={PMLR}
}
@article{huguet2022manifold,
  title={Manifold interpolating optimal-transport flows for trajectory inference},
  author={Huguet, Guillaume and Magruder, Daniel Sumner and Tong, Alexander and Fasina, Oluwadamilola and Kuchroo, Manik and Wolf, Guy and Krishnaswamy, Smita},
  journal={Advances in neural information processing systems},
  volume={35},
  pages={29705--29718},
  year={2022}
}
@article{chen2018neural,
  title={Neural ordinary differential equations},
  author={Chen, Ricky TQ and Rubanova, Yulia and Bettencourt, Jesse and Duvenaud, David K},
  journal={Advances in neural information processing systems},
  volume={31},
  year={2018}
}